<record><leader>00000cas a22000007a 4500</leader><controlfield tag="001">14768572</controlfield><controlfield tag="008">861119d18891891txudr ne      0    0eng d</controlfield><controlfield tag="009">6576</controlfield><datafield ind1=" " ind2=" " tag="010"><subfield code="a">sn 86090136 </subfield></datafield><datafield ind1=" " ind2=" " tag="040"><subfield code="a">PPM</subfield><subfield code="b">eng</subfield><subfield code="c">PPM</subfield><subfield code="d">OCL</subfield><subfield code="d">PPM</subfield><subfield code="d">OCLCQ</subfield><subfield code="d">DLC</subfield></datafield><datafield ind1=" " ind2=" " tag="019"><subfield code="a">14954273</subfield></datafield><datafield ind1="1" ind2=" " tag="029"><subfield code="a">AU@</subfield><subfield code="b">000025786349</subfield></datafield><datafield ind1=" " ind2=" " tag="042"><subfield code="a">msc</subfield></datafield><datafield ind1="0" ind2="0" tag="245"><subfield code="a">Waco daily news.</subfield></datafield><datafield ind1="3" ind2="0" tag="246"><subfield code="a">Waco news</subfield></datafield><datafield ind1=" " ind2=" " tag="260"><subfield code="a">Waco, Tex. :</subfield><subfield code="b">Hill &amp; Ivy</subfield></datafield><datafield ind1=" " ind2=" " tag="300"><subfield code="a">v. :</subfield><subfield code="b">ill. ;</subfield><subfield code="c">51 cm.</subfield></datafield><datafield ind1=" " ind2=" " tag="310"><subfield code="a">Daily</subfield></datafield><datafield ind1="0" ind2=" " tag="362"><subfield code="a">Vol. 1, no. 356 (May 8, 1889)-</subfield></datafield><datafield ind1="1" ind2=" " tag="362"><subfield code="a">Ceased Sept. 1891?</subfield></datafield><datafield ind1=" " ind2=" " tag="752"><subfield code="a">United States</subfield><subfield code="b">Texas</subfield><subfield code="c">McLennan</subfield><subfield code="d">Waco.</subfield></datafield><datafield ind1="0" ind2=" " tag="775"><subfield code="t">Waco news</subfield><subfield code="w">(DLC)sn 87090386</subfield></datafield><datafield ind1="0" ind2=" " tag="775"><subfield code="t">Waco weekly news</subfield><subfield code="w">(DLC)sn 87090377</subfield></datafield><datafield ind1="0" ind2=" " tag="775"><subfield code="t">Waco weekly news and trade review</subfield><subfield code="w">(DLC)sn 87090378</subfield></datafield><datafield ind1="0" ind2=" " tag="775"><subfield code="t">Waco weekly news (Waco, Tex. : 1890)</subfield><subfield code="w">(DLC)sn 87090379</subfield></datafield><datafield ind1="0" ind2="0" tag="780"><subfield code="t">Waco evening news</subfield><subfield code="x">2159-4023</subfield><subfield code="w">(DLC)sn 87090385</subfield><subfield code="w">(OCoLC)16072007</subfield></datafield><datafield ind1="0" ind2="0" tag="785"><subfield code="t">Waco evening news (Waco, Tex. : 1891)</subfield><subfield code="x">2159-3876</subfield><subfield code="w">(DLC)sn 86088201</subfield><subfield code="w">(OCoLC)13999296</subfield></datafield></record>